<marc:collection xmlns:marc="http://www.loc.gov/MARC21/slim" xmlns:xsi="http://www.w3.org/2001/XMLSchema-instance" xsi:schemaLocation="http://www.loc.gov/MARC21/slim http://www.loc.gov/standards/marcxml/schema/MARC21slim.xsd">
    <marc:record type="Bibliographic">
        <marc:leader>01557cem a2200313   4500</marc:leader>
        <marc:controlfield tag="001">1943935</marc:controlfield>
        <marc:controlfield tag="005">20140624135015.0</marc:controlfield>
        <marc:controlfield tag="006">ab         s000 0 </marc:controlfield>
        <marc:controlfield tag="008">800303m18841888nju       e  s  0   eng d</marc:controlfield>
        <marc:datafield tag="035" ind1=" " ind2=" ">
            <marc:subfield code="a">(OCoLC)ocm06047122</marc:subfield>
        </marc:datafield>
        <marc:datafield tag="035" ind1=" " ind2=" ">
            <marc:subfield code="9">CHA6360TS</marc:subfield>
        </marc:datafield>
        <marc:datafield tag="040" ind1=" " ind2=" ">
            <marc:subfield code="a">COP</marc:subfield>
            <marc:subfield code="c">COP</marc:subfield>
            <marc:subfield code="d">PUL</marc:subfield>
        </marc:datafield>
        <marc:datafield tag="090" ind1=" " ind2=" ">
            <marc:subfield code="a">G1256.C5</marc:subfield>
            <marc:subfield code="b">N46 1897</marc:subfield>
        </marc:datafield>
        <marc:datafield tag="110" ind1="1" ind2=" ">
            <marc:subfield code="a">Geological Survey of New Jersey.</marc:subfield>
        </marc:datafield>
        <marc:datafield tag="245" ind1="1" ind2="0">
            <marc:subfield code="a">Atlas of New Jersey.</marc:subfield>
        </marc:datafield>
        <marc:datafield tag="260" ind1=" " ind2=" ">
            <marc:subfield code="a">New York,</marc:subfield>
            <marc:subfield code="b">Julius Bien &amp; Co.,</marc:subfield>
            <marc:subfield code="c">[1884-1888]</marc:subfield>
        </marc:datafield>
        <marc:datafield tag="300" ind1=" " ind2=" ">
            <marc:subfield code="a">19 double col. maps.</marc:subfield>
            <marc:subfield code="c">70 x 51 cm.</marc:subfield>
        </marc:datafield>
        <marc:datafield tag="500" ind1=" " ind2=" ">
            <marc:subfield code="a">Cover title.</marc:subfield>
        </marc:datafield>
        <marc:datafield tag="500" ind1=" " ind2=" ">
            <marc:subfield code="a">Scale of maps 1-17: 1 mile to an inch.</marc:subfield>
        </marc:datafield>
        <marc:datafield tag="500" ind1=" " ind2=" ">
            <marc:subfield code="a">At head of title : Geological Survey of New Jersey.</marc:subfield>
        </marc:datafield>
        <marc:datafield tag="505" ind1="0" ind2=" ">
            <marc:subfield code="a">State map.--Relief map.--no. 1. Kittatinny.--no. 2. Southwestern Highlands.--no. 3. Central Highlands.--no. 4. Northeastern Highlands.--no. 5. Southwestern Red Sandstone.--no. 6. Central Red Sandstone.--no. 7. Northeastern Red Sandstone.--no. 8. Trenton.--no. 9. Monmouth Shore.--no. 10. Lower Delaware.--no. 11. Camden.--no. 12. Mount Holly.--no. 13. Barnegat.--no. 14. Delaware Bay.--no. 15. Southern Interior.--no. 16. Egg Harbor.--no. 17. Cape May.</marc:subfield>
        </marc:datafield>
        <marc:datafield tag="530" ind1=" " ind2=" ">
            <marc:subfield code="a">Also available in an electronic version.</marc:subfield>
        </marc:datafield>
        <marc:datafield tag="651" ind1=" " ind2="0">
            <marc:subfield code="a">New Jersey</marc:subfield>
            <marc:subfield code="x">Maps, Topographic.</marc:subfield>
        </marc:datafield>
        <marc:datafield tag="852" ind1="0" ind2=" ">
            <marc:subfield code="b">xl</marc:subfield>
            <marc:subfield code="h">G1256.C5</marc:subfield>
            <marc:subfield code="i">N46 1884e</marc:subfield>
            <marc:subfield code="p">2219188</marc:subfield>
            <marc:subfield code="x">reclassed from: 8565.672.12e</marc:subfield>
        </marc:datafield>
        <marc:datafield tag="856" ind1="4" ind2="1">
            <marc:subfield code="u">http://arks.princeton.edu/ark:/88435/p2676w91q</marc:subfield>
        </marc:datafield>
        <marc:datafield tag="856" ind1="4" ind2="1">
            <marc:subfield code="z">See the title page</marc:subfield>
            <marc:subfield code="u">http://gisserver.princeton.edu/map/27806</marc:subfield>
        </marc:datafield>
        <marc:datafield tag="856" ind1="4" ind2="1">
            <marc:subfield code="z">See sheet 7</marc:subfield>
            <marc:subfield code="u">http://gisserver.princeton.edu/map/27807</marc:subfield>
        </marc:datafield>
        <marc:datafield tag="945" ind1=" " ind2=" ">
            <marc:subfield code="a">ANXB</marc:subfield>
            <marc:subfield code="b">1</marc:subfield>
            <marc:subfield code="c">8565.672.12e</marc:subfield>
        </marc:datafield>
        <marc:datafield tag="911" ind1=" " ind2=" ">
            <marc:subfield code="a">19981027</marc:subfield>
        </marc:datafield>
    </marc:record>
    <marc:record type="Holdings">
        <marc:leader>00245cx  a2200109z  4500</marc:leader>
        <marc:controlfield tag="001">2219186</marc:controlfield>
        <marc:controlfield tag="004">1943935</marc:controlfield>
        <marc:controlfield tag="005">20130327162944.0</marc:controlfield>
        <marc:controlfield tag="008">0006122u    0   1001uu   0000000</marc:controlfield>
        <marc:datafield tag="014" ind1="1" ind2=" ">
            <marc:subfield code="a">CHA6360TS001</marc:subfield>
        </marc:datafield>
        <marc:datafield tag="014" ind1="0" ind2=" ">
            <marc:subfield code="9">002219186</marc:subfield>
        </marc:datafield>
        <marc:datafield tag="852" ind1="8" ind2="0">
            <marc:subfield code="b">sciefa</marc:subfield>
            <marc:subfield code="t">2</marc:subfield>
            <marc:subfield code="c">Oversize</marc:subfield>
            <marc:subfield code="h">8565.672.12e</marc:subfield>
        </marc:datafield>
    </marc:record>
    <marc:record type="Holdings">
        <marc:leader>00245cx  a2200109z  4500</marc:leader>
        <marc:controlfield tag="001">2219187</marc:controlfield>
        <marc:controlfield tag="004">1943935</marc:controlfield>
        <marc:controlfield tag="005">20130327162929.0</marc:controlfield>
        <marc:controlfield tag="008">0006122u    0   1001uu   0000000</marc:controlfield>
        <marc:datafield tag="014" ind1="1" ind2=" ">
            <marc:subfield code="a">CHA6360TS002</marc:subfield>
        </marc:datafield>
        <marc:datafield tag="014" ind1="0" ind2=" ">
            <marc:subfield code="9">002219187</marc:subfield>
        </marc:datafield>
        <marc:datafield tag="852" ind1="8" ind2="0">
            <marc:subfield code="b">sciefa</marc:subfield>
            <marc:subfield code="t">1</marc:subfield>
            <marc:subfield code="c">Oversize</marc:subfield>
            <marc:subfield code="h">8565.672.12e</marc:subfield>
        </marc:datafield>
    </marc:record>
    <marc:record type="Holdings">
        <marc:leader>00240cx  a2200109z  4500</marc:leader>
        <marc:controlfield tag="001">2219189</marc:controlfield>
        <marc:controlfield tag="004">1943935</marc:controlfield>
        <marc:controlfield tag="005">20050708125209.0</marc:controlfield>
        <marc:controlfield tag="008">0006122u    0   1001uu   0000000</marc:controlfield>
        <marc:datafield tag="014" ind1="1" ind2=" ">
            <marc:subfield code="a">CHA6360TS004</marc:subfield>
        </marc:datafield>
        <marc:datafield tag="014" ind1="0" ind2=" ">
            <marc:subfield code="9">002219189</marc:subfield>
        </marc:datafield>
        <marc:datafield tag="852" ind1="8" ind2="0">
            <marc:subfield code="b">map</marc:subfield>
            <marc:subfield code="t">1</marc:subfield>
            <marc:subfield code="c">Oversize</marc:subfield>
            <marc:subfield code="h">2005-0045E</marc:subfield>
        </marc:datafield>
    </marc:record>
    <marc:record type="Holdings">
        <marc:leader>00182nx  a22000854  4500</marc:leader>
        <marc:controlfield tag="001">8277065</marc:controlfield>
        <marc:controlfield tag="004">1943935</marc:controlfield>
        <marc:controlfield tag="005">20140624135018.0</marc:controlfield>
        <marc:controlfield tag="008">1406244u    8   1001uu   0901128</marc:controlfield>
        <marc:datafield tag="852" ind1="8" ind2=" ">
            <marc:subfield code="b">elf1</marc:subfield>
            <marc:subfield code="h">Electronic Resource</marc:subfield>
        </marc:datafield>
    </marc:record>
</marc:collection>
